@misc{adaptiveInformation_2014, 
	title={50 Ontology Mapping and Alignment Tools}, url={http://www.mkbergman.com/1769/50-ontology-mapping-and-alignment-tools/}, journal={AI3:::Adaptive Information}, year={2014}, month={Oct}}

@book{euzenat2007ontology,
  title={Ontology matching},
  author={Euzenat, J{\'e}r{\^o}me and Shvaiko, Pavel and others},
  volume={333},
  year={2007},
  publisher={Springer}
}

@inproceedings{Faria2015AMLRF,
	title={AML results for OAEI 2015},
	author={Daniel Faria and Catarina Martins and Amruta Nanavaty and Daniela Oliveira and Booma Sowkarthiga and Aynaz Taheri and Catia Pesquita and Francisco M. Couto and Isabel F. Cruz},
	booktitle={SEMWEB},
	year={2015}
}

@inproceedings{euzenat2004ontology,
	title={Ontology alignment with OLA},
	author={Euzenat, J{\'e}r{\^o}me and Loup, David and Touzani, Mohamed and Valtchev, Petko},
	booktitle={Proc. 3rd ISWC2004 workshop on Evaluation of Ontology-based tools (EON)},
	pages={59--68},
	year={2004},
	organization={No commercial editor.}
}

@article{shvaiko2013ontology,
	title={Ontology matching: state of the art and future challenges},
	author={Shvaiko, Pavel and Euzenat, J{\'e}r{\^o}me},
	journal={Knowledge and Data Engineering, IEEE Transactions on},
	volume={25},
	number={1},
	pages={158--176},
	year={2013},
	publisher={IEEE}
}

@inproceedings{euzenat2005ola,
	title={OLA in the OAEI 2005 Alignment Contest},
	author={Euzenat, J{\'e}r{\^o}me and Gu{\'e}gan, Philippe and Valtchev, Petko},
	booktitle={Proc. K-Cap 2005 workshop on Integrating ontology},
	pages={97--102},
	year={2005},
	organization={No commercial editor.}
}

@inproceedings{djoufak2007ola,
	title={OLA in the OAEI 2007 evaluation contest},
	author={Djoufak-Kengue, Jean-Fran{\c{c}}ois and Euzenat, J{\'e}r{\^o}me and Valtchev, Petko},
	booktitle={Proc. 2nd ISWC 2007 workshop on ontology matching (OM)},
	pages={188--195},
	year={2007},
	organization={No commercial editor.}
}

@inproceedings{giunchiglia2004s,
	title={S-Match: an algorithm and an implementation of semantic matching},
	author={Giunchiglia, Fausto and Shvaiko, Pavel and Yatskevich, Mikalai},
	booktitle={ESWS},
	volume={3053},
	pages={61--75},
	year={2004},
	organization={Springer}
}

@incollection{an2004refining,
	title={Refining semantic mappings from relational tables to ontologies},
	author={An, Yuan and Borgida, Alexander and Mylopoulos, John},
	booktitle={Semantic Web and Databases},
	pages={84--90},
	year={2004},
	publisher={Springer}
}

@inproceedings{pedersen2004wordnet,
	title={WordNet:: Similarity: measuring the relatedness of concepts},
	author={Pedersen, Ted and Patwardhan, Siddharth and Michelizzi, Jason},
	booktitle={Demonstration papers at HLT-NAACL 2004},
	pages={38--41},
	year={2004},
	organization={Association for Computational Linguistics}
}

@inproceedings{faria2013agreementmakerlight,
	title={The agreementmakerlight ontology matching system},
	author={Faria, Daniel and Pesquita, Catia and Santos, Emanuel and Palmonari, Matteo and Cruz, Isabel F and Couto, Francisco M},
	booktitle={On the Move to Meaningful Internet Systems: OTM 2013 Conferences},
	pages={527--541},
	year={2013},
	organization={Springer}
}

@article{sun2015comparative,
	title={A comparative evaluation of string similarity metrics for ontology alignement},
	author={Sun, Y and Ma, L and Shuang, W},
	journal={Journal of Information \& Computational Science},
	volume={12},
	number={3},
	pages={957--964},
	year={2015}
}