@misc{ai3:::adaptive information_2014, title={50 Ontology Mapping and Alignment Tools}, url={http://www.mkbergman.com/1769/50-ontology-mapping-and-alignment-tools/}, journal={AI3:::Adaptive Information}, year={2014}, month={Oct}}

@book{euzenat2007ontology,
	title={Ontology matching},
	author={Euzenat, J{\'e}r{\^o}me and Shvaiko, Pavel and others},
	volume={333},
	year={2007},
	publisher={Springer}
}

@inproceedings{Faria2015AMLRF,
	title={AML results for OAEI 2015},
	author={Daniel Faria and Catarina Martins and Amruta Nanavaty and Daniela Oliveira and Booma Sowkarthiga and Aynaz Taheri and Catia Pesquita and Francisco M. Couto and Isabel F. Cruz},
	booktitle={SEMWEB},
	year={2015}
}