@article{schlobach2007anytime,
	title={Anytime Classification by Ontology Approximation.},
	author={Schlobach, Stefan and Blaauw, E and El Kebir, M and ten Teije, Annette and van Harmelen, Frank and Bortoli, S and Hobbelman, MC and Millian, K and Ren, Y and Stam, S and others},
	journal={New forms of reasoning for the Semantic Web},
	volume={32},
	year={2007}
}

@article{mika2008web,
	title={Web semantics in the clouds},
	author={Mika, Peter and Tummarello, Giovanni},
	journal={Intelligent Systems, IEEE},
	volume={23},
	number={5},
	pages={82--87},
	year={2008},
	publisher={IEEE}
}